
    <zs:record>
      <zs:recordSchema/>
      <zs:recordPacking>xml</zs:recordPacking>
      <zs:recordData>
        <record xmlns="http://www.loc.gov/MARC21/slim">
          <leader>01279pam a2200289 a 4500</leader>
          <controlfield tag="001">916505</controlfield>
          <controlfield tag="005">19830210000000.0</controlfield>
          <controlfield tag="008">820917s1982    ne af    b    101 0 eng  </controlfield>
          <datafield tag="035" ind1=" " ind2=" ">
            <subfield code="9">(DLC)   82018105</subfield>
          </datafield>
          <datafield tag="906" ind1=" " ind2=" ">
            <subfield code="a">7</subfield>
            <subfield code="b">cbc</subfield>
            <subfield code="c">orignew</subfield>
            <subfield code="d">1</subfield>
            <subfield code="e">ocip</subfield>
            <subfield code="f">19</subfield>
            <subfield code="g">y-gencatlg</subfield>
          </datafield>
          <datafield tag="010" ind1=" " ind2=" ">
            <subfield code="a">   82018105 </subfield>
          </datafield>
          <datafield tag="020" ind1=" " ind2=" ">
            <subfield code="a">9027714886</subfield>
          </datafield>
          <datafield tag="040" ind1=" " ind2=" ">
            <subfield code="a">DLC</subfield>
            <subfield code="c">DLC</subfield>
            <subfield code="d">DLC</subfield>
          </datafield>
          <datafield tag="050" ind1="0" ind2="0">
            <subfield code="a">QD461</subfield>
            <subfield code="b">.E86 1982</subfield>
          </datafield>
          <datafield tag="082" ind1="0" ind2="0">
            <subfield code="a">541.2/8</subfield>
            <subfield code="2">19</subfield>
          </datafield>
          <datafield tag="245" ind1="0" ind2="0">
            <subfield code="a">ETO multicenter molecular integrals :</subfield>
            <subfield code="b">proceedings of the first international conference held at Florida A&amp;M University, Tallahassee, Florida, U.S.A., August 3-6, 1981 /</subfield>
            <subfield code="c">edited by Charles A. Weatherford and Herbert W. Jones.</subfield>
          </datafield>
          <datafield tag="260" ind1=" " ind2=" ">
            <subfield code="a">Dordrecht, Holland ;</subfield>
            <subfield code="a">Boston :</subfield>
            <subfield code="b">D. Reidel,</subfield>
            <subfield code="c">c1982.</subfield>
          </datafield>
          <datafield tag="300" ind1=" " ind2=" ">
            <subfield code="a">xvi, 186 p., [1] leaf of plates :</subfield>
            <subfield code="b">ill. ;</subfield>
            <subfield code="c">25 cm.</subfield>
          </datafield>
          <datafield tag="504" ind1=" " ind2=" ">
            <subfield code="a">Includes bibliographies and indexes.</subfield>
          </datafield>
          <datafield tag="650" ind1=" " ind2="0">
            <subfield code="a">Molecular orbitals</subfield>
            <subfield code="x">Congresses.</subfield>
          </datafield>
          <datafield tag="650" ind1=" " ind2="0">
            <subfield code="a">Quantum chemistry</subfield>
            <subfield code="x">Congresses.</subfield>
          </datafield>
          <datafield tag="700" ind1="1" ind2=" ">
            <subfield code="a">Weatherford, Charles A.,</subfield>
            <subfield code="d">1947-</subfield>
          </datafield>
          <datafield tag="700" ind1="1" ind2=" ">
            <subfield code="a">Jones, Herbert W.</subfield>
          </datafield>
          <datafield tag="711" ind1="2" ind2=" ">
            <subfield code="a">International Conference on ETO Multicenter Molecular Integrals</subfield>
            <subfield code="n">(1st :</subfield>
            <subfield code="d">1981 :</subfield>
            <subfield code="c">Florida Agricultural and Mechanical University)</subfield>
          </datafield>
          <datafield tag="740" ind1="0" ind2=" ">
            <subfield code="a">E.T.O. multicenter molecular integrals.</subfield>
          </datafield>
          <datafield tag="740" ind1="0" ind2=" ">
            <subfield code="a">Molecular integrals.</subfield>
          </datafield>
          <datafield tag="991" ind1=" " ind2=" ">
            <subfield code="b">c-GenColl</subfield>
            <subfield code="h">QD461</subfield>
            <subfield code="i">.E86 1982</subfield>
            <subfield code="p">00038773835</subfield>
            <subfield code="t">Copy 1</subfield>
            <subfield code="w">BOOKS</subfield>
          </datafield>
        </record>
      </zs:recordData>
      <zs:recordPosition>2</zs:recordPosition>
    </zs:record>