
    <zs:record>
      <zs:recordSchema/>
      <zs:recordPacking>xml</zs:recordPacking>
      <zs:recordData>
        <record xmlns="http://www.loc.gov/MARC21/slim">
          <leader>02865nam a22003853i 4500</leader>
          <controlfield tag="001">22055821</controlfield>
          <controlfield tag="005">20210527083849.0</controlfield>
          <controlfield tag="006">m    |o  d |      </controlfield>
          <controlfield tag="007">cr |||||||||||</controlfield>
          <controlfield tag="008">210507s1926    xx |||||o|||||||| ||eng  </controlfield>
          <datafield tag="906" ind1=" " ind2=" ">
            <subfield code="a">0</subfield>
            <subfield code="b">ibc</subfield>
            <subfield code="c">orignew</subfield>
            <subfield code="d">u</subfield>
            <subfield code="e">ncip</subfield>
            <subfield code="f">20</subfield>
            <subfield code="g">y-gencatlg</subfield>
          </datafield>
          <datafield tag="010" ind1=" " ind2=" ">
            <subfield code="a">  2021666781</subfield>
          </datafield>
          <datafield tag="035" ind1=" " ind2=" ">
            <subfield code="a">(WDL)07771</subfield>
          </datafield>
          <datafield tag="040" ind1=" " ind2=" ">
            <subfield code="a">DLC</subfield>
            <subfield code="b">eng</subfield>
            <subfield code="c">DLC</subfield>
          </datafield>
          <datafield tag="041" ind1=" " ind2=" ">
            <subfield code="a">eng</subfield>
          </datafield>
          <datafield tag="080" ind1=" " ind2=" ">
            <subfield code="a">266</subfield>
          </datafield>
          <datafield tag="080" ind1=" " ind2=" ">
            <subfield code="a">276</subfield>
          </datafield>
          <datafield tag="245" ind1="0" ind2="0">
            <subfield code="a">Uganda in Transformation: 1876--1926.</subfield>
          </datafield>
          <datafield tag="260" ind1=" " ind2=" ">
            <subfield code="a">Great Britain :</subfield>
            <subfield code="b">The Camelot Press Limited,</subfield>
            <subfield code="c">1926.</subfield>
          </datafield>
          <datafield tag="300" ind1=" " ind2=" ">
            <subfield code="a">1 online resource.</subfield>
          </datafield>
          <datafield tag="500" ind1=" " ind2=" ">
            <subfield code="a">Title devised, in English, by Library staff.</subfield>
          </datafield>
          <datafield tag="500" ind1=" " ind2=" ">
            <subfield code="a">"From the Uganda Christian University. Digitized at the National Library of Uganda with support from the Carnegie Corporation of New York."--Note extracted from World Digital Library.</subfield>
          </datafield>
          <datafield tag="500" ind1=" " ind2=" ">
            <subfield code="a">Original resource extent: 268 pages : illustrations, maps, appendices.</subfield>
          </datafield>
          <datafield tag="520" ind1=" " ind2=" ">
            <subfield code="a">Herbert Gresford Jones (1870--1958) was an Anglican cleric and missionary to Uganda. He studied at Cambridge University and was ordained in 1895. After serving as a vicar at churches in England and as a chaplain with the British forces in World War I, he went to Uganda in 1920, where he was bishop suffragan of Kampala until 1923. Uganda in Transformation: 1876--1926 is Jones's account of the development of the Anglican Church in Uganda since the arrival of the first British missionaries in 1877. In a series of "pen pictures" informed by his own observations, Jones sketches the early European encounters with Uganda, the founding of the church, and the importance of Kings Mutesa and Mwanga. Chapters are devoted to medical care; education; the regions of Busoga, Teso, and Lango; and the territory of Sudan to the north and its interactions with the people of Uganda. Also included are maps, illustrations, and four appendices: a chronology of notable dates in the history of Uganda; a list of the bishops and administrators of Uganda; a roll of clergy and laymen who had served with the Uganda Mission; and a list of recent books on Uganda. Jones served as bishop of Warrington in Lancashire, England, from 1927 until his retirement in 1945.</subfield>
          </datafield>
          <datafield tag="535" ind1="1" ind2=" ">
            <subfield code="3">Original resource at:</subfield>
            <subfield code="a">National Library of Uganda.</subfield>
          </datafield>
          <datafield tag="546" ind1=" " ind2=" ">
            <subfield code="a">Content in English.</subfield>
          </datafield>
          <datafield tag="588" ind1="0" ind2=" ">
            <subfield code="a">Description based on data extracted from World Digital Library, which may be extracted from partner institutions.</subfield>
          </datafield>
          <datafield tag="653" ind1=" " ind2="0">
            <subfield code="a">1876 to 1926</subfield>
          </datafield>
          <datafield tag="653" ind1=" " ind2="0">
            <subfield code="a">Basoga (African people)</subfield>
            <subfield code="a">Church Missionary Society</subfield>
            <subfield code="a">Church of England--Uganda</subfield>
            <subfield code="a">Ganda (African people)</subfield>
            <subfield code="a">Lango (African people)</subfield>
            <subfield code="a">Missionaries</subfield>
            <subfield code="a">Teso (African people)</subfield>
          </datafield>
          <datafield tag="720" ind1=" " ind2=" ">
            <subfield code="a">Jones, Herbert Gresford, 1870-1958</subfield>
            <subfield code="e">Author.</subfield>
          </datafield>
          <datafield tag="752" ind1=" " ind2=" ">
            <subfield code="a">Sudan</subfield>
          </datafield>
          <datafield tag="752" ind1=" " ind2=" ">
            <subfield code="a">Uganda</subfield>
          </datafield>
          <datafield tag="856" ind1="4" ind2="0">
            <subfield code="d">gdcwdl</subfield>
            <subfield code="f">wdl_07771</subfield>
            <subfield code="u">https://hdl.loc.gov/loc.wdl/wdl.7771</subfield>
          </datafield>
          <datafield tag="985" ind1=" " ind2=" ">
            <subfield code="a">wdl/wdlpartner/wdluganda</subfield>
          </datafield>
          <datafield tag="991" ind1=" " ind2=" ">
            <subfield code="b">s-Online</subfield>
            <subfield code="h">Electronic Resource</subfield>
          </datafield>
        </record>
      </zs:recordData>
      <zs:recordPosition>3</zs:recordPosition>
    </zs:record>