
    <zs:record>
      <zs:recordSchema/>
      <zs:recordPacking>xml</zs:recordPacking>
      <zs:recordData>
        <record xmlns="http://www.loc.gov/MARC21/slim">
          <leader>01084cam a22002417a 4500</leader>
          <controlfield tag="001">4246212</controlfield>
          <controlfield tag="005">19891002000000.0</controlfield>
          <controlfield tag="007">hduafb---baca</controlfield>
          <controlfield tag="008">830316s1977    njua    a     000 0 eng  </controlfield>
          <datafield tag="035" ind1=" " ind2=" ">
            <subfield code="9">(DLC)   83126833</subfield>
          </datafield>
          <datafield tag="906" ind1=" " ind2=" ">
            <subfield code="a">7</subfield>
            <subfield code="b">cbc</subfield>
            <subfield code="c">orignew</subfield>
            <subfield code="d">5</subfield>
            <subfield code="e">ncip</subfield>
            <subfield code="f">19</subfield>
            <subfield code="g">y-genmicro</subfield>
          </datafield>
          <datafield tag="010" ind1=" " ind2=" ">
            <subfield code="a">   83126833 </subfield>
          </datafield>
          <datafield tag="040" ind1=" " ind2=" ">
            <subfield code="a">DLC</subfield>
            <subfield code="c">DLC</subfield>
            <subfield code="d">DLC</subfield>
          </datafield>
          <datafield tag="050" ind1="0" ind2="0">
            <subfield code="a">Microfilm 49526 (S)</subfield>
          </datafield>
          <datafield tag="100" ind1="1" ind2=" ">
            <subfield code="a">Jones, Herbert C.</subfield>
            <subfield code="q">(Herbert Coffin),</subfield>
            <subfield code="d">1880-1970.</subfield>
          </datafield>
          <datafield tag="245" ind1="1" ind2="0">
            <subfield code="a">Herbert C. Jones on California government and public issues</subfield>
            <subfield code="h">[microform].</subfield>
          </datafield>
          <datafield tag="260" ind1=" " ind2=" ">
            <subfield code="c">1958.</subfield>
          </datafield>
          <datafield tag="300" ind1=" " ind2=" ">
            <subfield code="a">vii, 318 leaves :</subfield>
            <subfield code="b">ill.</subfield>
          </datafield>
          <datafield tag="500" ind1=" " ind2=" ">
            <subfield code="a">Interview edited by Corinne Gilb.</subfield>
          </datafield>
          <datafield tag="533" ind1=" " ind2=" ">
            <subfield code="a">Microfilm.</subfield>
            <subfield code="b">Glen Rock, N.J. :</subfield>
            <subfield code="c">Microfilming Corp. of America,</subfield>
            <subfield code="d">1977.</subfield>
            <subfield code="e">On reel 3 of 5 microfilm reels ; 35 mm.</subfield>
            <subfield code="f">(University of California, Berkeley, agriculture, water resources, and land use oral history collection ; no. 14).</subfield>
          </datafield>
          <datafield tag="700" ind1="1" ind2=" ">
            <subfield code="a">Gilb, Corinne Lathrop,</subfield>
            <subfield code="d">1925-</subfield>
          </datafield>
          <datafield tag="830" ind1=" " ind2="0">
            <subfield code="a">University of California, Berkeley, agriculture, water resources, and land use oral history collection ;</subfield>
            <subfield code="v">no. 14.</subfield>
          </datafield>
          <datafield tag="991" ind1=" " ind2=" ">
            <subfield code="b">c-MicRR</subfield>
            <subfield code="h">Microfilm 49526 (S)</subfield>
            <subfield code="t">Copy 1</subfield>
            <subfield code="w">BOOKS</subfield>
          </datafield>
        </record>
      </zs:recordData>
      <zs:recordPosition>12</zs:recordPosition>
    </zs:record>